<?xml version="1.0" encoding="UTF-8"?><collection><record><leader>09554ntm a2200757 a 4500</leader><controlfield tag="001">006781943</controlfield><controlfield tag="003">MiAaHDL</controlfield><controlfield tag="005">20190719000000.0</controlfield><controlfield tag="006">m        d        </controlfield><controlfield tag="007">cr bn ---auaua</controlfield><controlfield tag="008">090518m17281729xx            00| ||ara d</controlfield><datafield tag="035" ind1=" " ind2=" "><subfield code="a">(MiU)006781943</subfield></datafield><datafield tag="035" ind1=" " ind2=" "><subfield code="a">sdr-miu006781943</subfield></datafield><datafield tag="040" ind1=" " ind2=" "><subfield code="a">MiU</subfield><subfield code="c">MiU</subfield><subfield code="e">amremm</subfield></datafield><datafield tag="043" ind1=" " ind2=" "><subfield code="a">n-us-mi</subfield></datafield><datafield tag="100" ind1="0" ind2=" "><subfield code="6">880-01</subfield><subfield code="a">Yaḥyā ibn Abī Bakr al-Ḥanafī.</subfield></datafield><datafield tag="245" ind1="1" ind2="3"><subfield code="6">880-03</subfield><subfield code="a">[al-Mukhtaṣar fī bayān al-iʻtiqād maʻa Sharḥ al-Fiqh al-akbar,</subfield><subfield code="f">1141, i.e. 1729 and 1140, i.e. 1728].</subfield></datafield><datafield tag="246" ind1="3" ind2=" "><subfield code="a">اسير الملاحدة في الالفاظ المكفرة</subfield></datafield><datafield tag="246" ind1="3" ind2=" "><subfield code="i">Title from colophon (p.62):</subfield><subfield code="a">اسير ملاحده</subfield></datafield><datafield tag="246" ind1="3" ind2=" "><subfield code="i">Title from inscription on front flyleaf (p.5):</subfield><subfield code="a">اسير ملاحيده</subfield></datafield><datafield tag="246" ind1="3" ind2=" "><subfield code="i">Title from 'title page' (p.7):</subfield><subfield code="a">مختصر في الاعتقادات</subfield></datafield><datafield tag="246" ind1="3" ind2=" "><subfield code="i">Title from heading at opening (p.8):</subfield><subfield code="a">كتاب اسر ملاحيده</subfield></datafield><datafield tag="260" ind1=" " ind2=" "><subfield code="c">[1728-1729].</subfield></datafield><datafield tag="300" ind1=" " ind2=" "><subfield code="a">56 leaves :</subfield><subfield code="b">paper ;</subfield><subfield code="c">200 x 143 (152-160 x 70-80) mm.</subfield></datafield><datafield tag="500" ind1=" " ind2=" "><subfield code="a">Shelfmark: Ann Arbor, University of Michigan, Special Collections Library, Isl. Ms. 521</subfield></datafield><datafield tag="500" ind1=" " ind2=" "><subfield code="a">Origin: As appears in colophons on pp.61-62 and pp.116, both texts likely copied by Ibrāhīm ibn ʻAbd Allāh with transcription of opening work completed 15 Shawwāl 1141 [ca. 14 May 1729] and transcription of second work completed 20 Dhū al-Ḥijjah 1140 [ca. 28 July 1728].</subfield></datafield><datafield tag="500" ind1=" " ind2=" "><subfield code="a">Accompanying materials: a. Inventory cataloguing slip in hand of Winifred Smeaton Thomas. (pp.1-2)-- b. Acquisitions slip from Yahuda. (pp.3-4).</subfield></datafield><datafield tag="500" ind1=" " ind2=" "><subfield code="a">Former shelfmark: From inner front cover and label on lower cover, "IL 14" (likely supplied by Yahuda, see acquisitions slip).</subfield></datafield><datafield tag="500" ind1=" " ind2=" "><subfield code="a">Binding: Pasteboards covered in marbled paper (in pink/salmon, blue, yellow, etc.) with teal leather over spine ; Type III binding (without flap) ; pastedowns and flyleaves in purple wove paper ; sewn in yellow thread, two stations ; worked chevron endbands in yellow and purple, quite good condition ; overall in fair condition with some abrasion, staining, etc.</subfield></datafield><datafield tag="500" ind1=" " ind2=" "><subfield code="a">Support: European laid paper of several types ; one type with 11 laid lines per cm. (vertical), chain lines spaced 23 mm. apart (horizontal), and watermark with grapes (raisin) under cartouche with "D T" [?] and crown (see p.10, 19, etc.), crisp though sturdy, burnished (some bifolia only lightly others to glossy) ; another type with 11 laid lines per cm. (vertical), chain lines spaced 20-21 mm. apart (horizontal), and watermark with grapes (raisin) under cartouche with "D A" and crown (see p.30, 43, etc.) ; still another type with 6 laid lines per cm. (vertical), chain lines spaced 28-30 mm. apart (horizontal), and three crescents watermark (94 mm. long, perpendicular to chains).</subfield></datafield><datafield tag="500" ind1=" " ind2=" "><subfield code="a">Decoration: Keywords and section headings rubricated ; overlining in red.</subfield></datafield><datafield tag="500" ind1=" " ind2=" "><subfield code="a">Script: Naskh ; compact Turkish hand ; virtually serifless, with tilt to the left, quite rounded with curvilinear descenders, pointing in strokes rather than distinct dots, some superscripting of final letters of words, freely ligatured ; partially vocalized.</subfield></datafield><datafield tag="500" ind1=" " ind2=" "><subfield code="a">Layout: Written in 15 and 17 lines per page ; frame-ruled.</subfield></datafield><datafield tag="500" ind1=" " ind2=" "><subfield code="a">Collation: i, 2 V(20), IV (28), VI (40), VIII (56), i ; opening work lacks proper catchwords but last word of final line on the verso of each leaf is usually repeated at the beginning of the first line on the following recto ; catchwords present in second work ; pagination in pencil, Western numerals, supplied during digitization (includes inserts and front flyleaf).</subfield></datafield><datafield tag="500" ind1=" " ind2=" "><subfield code="a">Colophon: [al-Mukhtaṣar fī bayān al-iʻtiqād] "Scribal," triangular, reads "قد وقع الفراغ من تحرير هذه النسخة الشريفة اللطيفة المرغوبة بين طالبين المسمى باسير ملاحده في شهر نصف شوال في يوم آذنه يوقت ضحوة الاصغر تم يد الضعيف ابراهيم بن عبد الله غفر الله له ولجميع المسلمين والمسلمات ... والحمد لله رب العالمين برحمتك يا ارحم الراحمين سنه مائة والف احدى واربعين في ١٥ ش سنه ١١۴۱ م" ; [Sharḥ al-Fiqh al-akbar] "Scribal," triangular, reads "اللهم صل وسلم على جميع الانبياء والمرسلين خصوصا على محمد واله وصحبه اجمعين سنه اربعين مائه والف تم في يوم اذينه من شهر ذي الحجه المبارك في وقت العصر غفر الله ذنوبه وذنوب المؤمنين والمؤمنات برحمتك يا ارحم الراحمين والحمد لله رب العالمين في ۲۰ ذى الحجه سنه ١١۴۰ م"</subfield></datafield><datafield tag="500" ind1=" " ind2=" "><subfield code="a">Explicit: [al-Mukhtaṣar fī bayān al-iʻtiqād] "وروي عن انيس بن مالك ان نقش خاتم رسول الله كان ثلاثة اسطر الاول محمد والثاني رسول والثالث الله وكان خاتم ابو بكر نعم القادر هو الله ونقش خاتم علي بن ابي طالب الملك لله" ; [Sharḥ al-Fiqh al-akbar] "اي يوفق ويثبت على اعتقاد صحيح وعمل صالح من تعلق مشيئته الازلية في الازل بهدايته قول الامام الاعظم ابي ح رحمة الله عليه والله تع يهدى من يشاء الى آه كانه قال فما علينا الا البلاغ والله يهدى من يشاء الى صراط مستقيم اللهم يا هادي المهتدين اهدنا الصراط المستقيم تمت الكتاب بعون الله الملك الوهاب م"</subfield></datafield><datafield tag="500" ind1=" " ind2=" "><subfield code="a">Incipit: [al-Mukhtaṣar fī bayān al-iʻtiqād] "الحمد لله المتوحد بازلى الوجود والذات المتفرد بقدم النعوت والصفات ... اما بعد فيقول العبد المفتقر الى رحمة الله تع يحيى بن ابي بكر الحنفي ... لما اتفق من تأليف مختصر بالفارسي في بيان الاعتقاد وانتشر ذلك بين طالبيه بالاجتهاد سأل مني جماعة من الطلبة والخلان ان اكتب مسائله عربيا فصيح البيان يسهل حفظ للمبتدين من الاخوان فاجبتهم الى ذلك ... وكان المختصر على ثلاثة اباب ..." ; [Sharḥ al-Fiqh al-akbar] "الحمد لله الذي هدينا [هدانا] الى طريق اهل السنة والجماعة بفضله العظيم ... اما بعد فيقول العبد الضعيف المذنب ابو المنتهى ... ان كتاب الاكبر الذي صنفه الامام الاعظم كتاب صحيح مقبول ... وقد ضف ابو حنيفة رحمه الله في ذلك الفقه الاكبر ... فاردت ان اجمع كلمات من الكتاب والسنة من الكتب المعتبرة حتى يكون شرحا لهذا الكتاب الشريف اللطيف ..."</subfield></datafield><datafield tag="500" ind1=" " ind2=" "><subfield code="a">Title supplied by cataloguer.</subfield></datafield><datafield tag="500" ind1=" " ind2=" "><subfield code="a">Ms. codex.</subfield></datafield><datafield tag="505" ind1="0" ind2=" "><subfield code="a">4. p.117-p.118 : [originally blank, now excerpts, etc.]</subfield></datafield><datafield tag="505" ind1="0" ind2=" "><subfield code="a">3. p.64-p.116 : [Sharḥ al-Fiqh al-akbar] / Abū al-Muntahá Aḥmad ibn Muḥammad al-Maghnīsāwī.</subfield></datafield><datafield tag="505" ind1="0" ind2=" "><subfield code="a">2. p.63 : [originally blank as 'title page' for second work, now excerpts].</subfield></datafield><datafield tag="505" ind1="0" ind2=" "><subfield code="a">1. p.8-p.62 : [al-Mukhtaṣar fī bayān al-iʻtiqād, or Asīr-i malāḥidah] / Yaḥyā ibn Abī Bakr al-Ḥanafī.</subfield></datafield><datafield tag="510" ind1="4" ind2=" "><subfield code="a">Brockelmann, C. GAL,</subfield><subfield code="c">I 170</subfield></datafield><datafield tag="510" ind1="4" ind2=" "><subfield code="a">Brockelmann, C. GAL,</subfield><subfield code="c">S I 292</subfield></datafield><datafield tag="520" ind1="8" ind2=" "><subfield code="a">Two theological works, namely Yaḥyá ibn Abī Bakr al-Ḥanafī's al-Mukhtaṣar fī bayān al-iʻtqād or Asīr-i malāḥidah, an Arabic rendering of the author's own work on doctrine originally composed in Persian, followed by Abū al-Muntahá Aḥmad ibn Muḥammad al-Maghnīsāwī's (d.1592) commentary on the theological treatise of Abū Ḥanīfah (d.767), al-Fiqh al-akbar.</subfield></datafield><datafield tag="538" ind1=" " ind2=" "><subfield code="a">Mode of access: Internet.</subfield></datafield><datafield tag="541" ind1=" " ind2=" "><subfield code="a">Acquired in 1926 from the bookseller Isaac Benjamin S.E. Yahuda via purchase transacted on his behalf by Abraham Shalom Yahuda (1877-1951), his younger brother.</subfield></datafield><datafield tag="546" ind1=" " ind2=" "><subfield code="a">Arabic.</subfield></datafield><datafield tag="561" ind1=" " ind2=" "><subfield code="a">Marginal and interlinear glosses and corrections.</subfield></datafield><datafield tag="600" ind1="0" ind2="0"><subfield code="a">Abū Ḥanīfah,</subfield><subfield code="d">-767 or 768.</subfield><subfield code="t">Fiqh al-akbar.</subfield></datafield><datafield tag="650" ind1=" " ind2="0"><subfield code="a">Manuscripts, Arabic</subfield><subfield code="z">Michigan</subfield><subfield code="z">Ann Arbor.</subfield></datafield><datafield tag="650" ind1=" " ind2="0"><subfield code="a">Islamic law</subfield><subfield code="v">Early works to 1800.</subfield></datafield><datafield tag="650" ind1=" " ind2="0"><subfield code="a">Hanafites</subfield><subfield code="v">Early works to 1800.</subfield></datafield><datafield tag="650" ind1=" " ind2="0"><subfield code="a">Faith (Islam)</subfield><subfield code="v">Early works to 1800.</subfield></datafield><datafield tag="650" ind1=" " ind2="0"><subfield code="a">Muslim heretics</subfield><subfield code="v">Early works to 1800.</subfield></datafield><datafield tag="650" ind1=" " ind2="0"><subfield code="a">Islam</subfield><subfield code="x">Doctrines</subfield><subfield code="v">Early works to 1800.</subfield></datafield><datafield tag="700" ind1="0" ind2=" "><subfield code="6">880-05</subfield><subfield code="a">Ibrāhīm ibn ʻAbd Allāh,</subfield><subfield code="d">fl. 1729,</subfield><subfield code="e">scribe.</subfield></datafield><datafield tag="700" ind1="1" ind2="2"><subfield code="6">880-04</subfield><subfield code="a">Maghnīsāwī, Aḥmad ibn Muḥammad,</subfield><subfield code="d">-1591 or 1592.</subfield><subfield code="t">Sharḥ al-Fiqh al-akbar.</subfield></datafield><datafield tag="740" ind1="0" ind2="2"><subfield code="6">880-05</subfield><subfield code="a">Kitâb-i Ebül-Müntaha</subfield></datafield><datafield tag="773" ind1="0" ind2=" "><subfield code="a">Yahuda Collection.</subfield></datafield><datafield tag="880" ind1="0" ind2=" "><subfield code="6">700-05/</subfield><subfield code="a">ابراهيم بن عبد الله,</subfield><subfield code="e">ناسخ.</subfield></datafield><datafield tag="880" ind1="0" ind2="2"><subfield code="6">740-05/</subfield><subfield code="a">كتاب ابو المنتهى</subfield></datafield><datafield tag="880" ind1="1" ind2="2"><subfield code="6">700-04/</subfield><subfield code="a">مغنيساوي، احمد بن محمد.</subfield><subfield code="t">شرح الفقه الاكبر.</subfield></datafield><datafield tag="880" ind1="1" ind2="2"><subfield code="6">245-03/</subfield><subfield code="a">[المختصر في بيان الاعتقاد مع شرح الفقه الاكبر,</subfield><subfield code="f">1141ه, 1729م و 1140ه, 1728م].</subfield></datafield><datafield tag="880" ind1="0" ind2=" "><subfield code="6">100-01/</subfield><subfield code="a">يحيى بن ابي بكر الحنفي.</subfield></datafield><datafield tag="CID" ind1=" " ind2=" "><subfield code="a">006781943</subfield></datafield><datafield tag="DAT" ind1="0" ind2=" "><subfield code="a">20190719102635.0</subfield><subfield code="b">20190719000000.0</subfield></datafield><datafield tag="DAT" ind1="1" ind2=" "><subfield code="a">20190719090653.0</subfield><subfield code="b">2019-07-19T16:11:27Z</subfield></datafield><datafield tag="DAT" ind1="2" ind2=" "><subfield code="a">2015-10-02T18:00:03Z</subfield></datafield><datafield tag="CAT" ind1=" " ind2=" "><subfield code="a">SDR-MIU</subfield><subfield code="d">EX LIBRIS - ALEPH</subfield><subfield code="l">prepare.pl-004-008</subfield></datafield><datafield tag="FMT" ind1=" " ind2=" "><subfield code="a">BK</subfield></datafield><datafield tag="HOL" ind1=" " ind2=" "><subfield code="0">sdr-miu006781943</subfield><subfield code="a">MiU</subfield><subfield code="b">SDR</subfield><subfield code="c">MIU</subfield><subfield code="p">mdp.39015079125640</subfield><subfield code="s">MIU</subfield><subfield code="1">006781943</subfield></datafield><datafield tag="974" ind1=" " ind2=" "><subfield code="b">MIU</subfield><subfield code="c">MIU</subfield><subfield code="d">20190719</subfield><subfield code="s">lit-dlps-dc</subfield><subfield code="u">mdp.39015079125640</subfield><subfield code="y">1729</subfield><subfield code="r">pd</subfield><subfield code="q">bib</subfield><subfield code="t">non-US bib date2, date type m &lt; 1879</subfield></datafield></record></collection>